@article{einstein,
    author = "Albert Einstein",
    title = "{Zur Elektrodynamik bewegter K{\"o}rper}. ({German})
    [{On} the electrodynamics of moving bodies]",
    journal = "Annalen der Physik",
    volume = "322",
    number = "10",
    pages = "891--921",
    year = "1905",
    DOI = "http://dx.doi.org/10.1002/andp.19053221004",
    keywords = "physics"
}
 
@book{dirac,
    title = {The Principles of Quantum Mechanics},
    author = {Paul Adrien Maurice Dirac},
    isbn = {9780198520115},
    series = {International series of monographs on physics},
    year = {1981},
    publisher = {Clarendon Press},
    keywords = {physics}
}
 
@online{knuthwebsite,
    author = "Donald Knuth",
    title = "Knuth: Computers and Typesetting",
    url  = "http://www-cs-faculty.stanford.edu/~uno/abcde.html",
    addendum = "(accessed: 01.09.2016)",
    keywords = "latex,knuth"
}
@online{Pillars,
    author = "Carles Homs",
    title = "A Short Guide to Game Design",
    url = "https://ch0m5.github.io/Game-Design-Pillars/",
}
 
@inbook{knuth-fa,
    author = "Donald E. Knuth",
    title = "Fundamental Algorithms",
    publisher = "Addison-Wesley",
    year = "1973",
    chapter = "1.2",
    keywords  = "knuth,programming"
}

@article{MNelson,
    author = "Matthew Nelson",
    title = "Introduction to Arduino and CPX",
    year = "2021"
    }
    
@misc{ada, 
    title={Adafruit Circuit Playground Express}, url={https://learn.adafruit.com/adafruit-circuit-playground-express/arduino}, journal={Adafruit Learning System}, 
    author={Ada, Lady}
}

@online{youtube,
        title = {Can We Make This Button Fun To Press?},
        date = {2020},
        organization = {Youtube},
        author = {Jonas Tyroller},
        url = {https://www.youtube.com/watch?v=7L1B5YaxxoA},
    }

@article{designPrinciples, 
    title = {3 Primary Game Design Principles To Keep in Mind When Making Games},
    author = {Dustin Tyler},
    editor = {Brian Wirtz},
    month = {June},
    year = {2021},
    url = {https://www.gamedesigning.org/learn/game-design-principles/},
    note = {Online; posted 25-June-2021}
}
