
@online{youtube,
        title = {Can We Make This Button Fun To Press?},
        date = {2020},
        organization = {Youtube},
        author = {Jonas Tyroller},
        url = {https://www.youtube.com/watch?v=7L1B5YaxxoA},
    }

@article{designPrinciples, 
    title = {3 Primary Game Design Principles To Keep in Mind When Making Games},
    author = {Dustin Tyler},
    editor = {Brian Wirtz},
    month = {June},
    year = {2021},
    url = {https://www.gamedesigning.org/learn/game-design-principles/},
    note = {Online; posted 25-June-2021}
}
